@online{clemap,
    title = "CLEMAP",
    url = "https://en.clemap.ch/",
    addendum = "(accessed: 31.08.2021)",
    keywords = "IoT"}
    
@article{iot-1,
    author = "F. Shrouf and G. Miragliotta",
    title = "Energy management based on Internet of Things: practices and framework for adoption in production management",
    pages = "1194 -- 1196",
    year = "2015",
    journal = "Journal of Cleaner Production",
    volume = "100",
    pages = "235 -- 246",
    DOI = "10.1016/j.jclepro.2015.03.055",
    keywords  = "IoT"
}
    
@online{carbon_trading,
    author = "Swiss Federal Audit Office",
    title = "Evaluation of incentive effect of emissions trading scheme Federal Office for the Environment",
    year = "2017",
    url = "https://www.efk.admin.ch/en/publications/security-and-environment/transport-and-environment/2737-evaluation-of-incentive-effect-of-emissions-trading-scheme-federal-office-for-the-environment.html",
    addendum = "(accessed: 31.08.2021)",
    keywords = "Energy Economics"}
    
@online{swiss-energy,
    author = "BFE",
    title = "Schweizerische Gesamtengergie Statistik 2020",
    year = "2021",
    url = "https://www.bfe.admin.ch/bfe/en/home/supply/statistics-and-geodata/energy-statistics/overall-energy-statistics.html",
    addendum = "(accessed 31.08.2021)"
}
    
@online{optional,
    author = "Confederation, S.",
    title = "Switzerland’s Seventh National Communication and Third Biennial Report under the UNFCCC Fourth National Communication under the Kyoto Protocol to the UNFCCC",
    year = "2018",
    url = "https://unfccc.int/sites/default/files/resource/624078315_Switzerland-NC7-BR3-1-CHE_NC7_BR3_2018.pdf",
    addendum = "(accessed 30.08.2021)"
}

@article{3M,
    author = "V. Tutterow and S. Schultz and M. Corporation, and J. Yigdall",
    title = "Making the Case for Energy Metering and Monitoring at Industrial Facilities",
    year = "2011",
    journal = "ACEEE Summer Study on Energy Efficiency in Industry",
    pages = "166 -- 174",
    url = "https://www.aceee.org/files/proceedings/2011/data/papers/0085-000064.pdf"
}

@article{goals-analyzing-power,
    author = "S. Henning and W. Hasselbring and H. Burmester and A. Möbius and M. Wojcieszak",
    title = "Goals and measures for analyzing power consumption data in manufacturing enterprises",
    year = "2021",
    journal = "Journal of Data, Information and Management",
    volume = "3",
    issue  = "1",
    pages = "65 -- 82",
    DOI = "10.1007/s42488-021-00043-5"
}

@online{iea-wec,
    author = "World Energy Council",
    title = "Energy Efficiency: A Recipe for Success",
    year = "2010",
    url = "https://www.worldenergy.org/assets/downloads/PUB_Energy_Efficiency_-A_Recipe_For_Success_2010_WEC.pdf",
    addendum = "(accessed: 04.11.2021)",
    pages = "4",
    keywords = "energy efficiency definition"}

@online{ISO,
    author = "{International Organization for Standardization}",
    title = "Energy efficiency and renewable energy sources — Common international terminology — Part 1: Energy efficiency",
    year = "2015",
    url = "https://www.iso.org/obp/ui/#iso:std:iso-iec:13273:-1:ed-1:v1:en",
    addendum = "(accessed: 08.09.2021)",
    keywords = "Energy Efficiency"
}

@article{eea,
    author = "T. Adenuga and K. Mpofu and R. I. Boitumelo",
    title = "Energy efficiency analysis modelling system for manufacturing in the context of industry 4.0",
    year = "2019",
    journal = "Science Direct",
    volume = "80",
    pages = "735 -- 740",
    DOI = "https://doi.org/10.1016/j.procir.2019.01.002",
    keywords = "EE Industry"
}

@article{ml_ee,
    author = "Narciso A.C. Diogo and F.G. Martins",
    title = "Application of machine learning tools for energy efficiency in industry: A review",
    year = "2019",
    journal = "Science Direct",
    volume = "6",
    pages = "1181 -- 1199",
    DOI = "10.1016/j.egyr.2020.04.035",
    keywords  = "Machine Learning EE"
}

@article{online-fault-monitoring,
    author = "S. Emec and J. Krüger and G. Seliger",
    title = "Online Fault-Monitoring in Machine Tools Based on Energy Consumption Analysis and Non-invasive Data Acquisition for Improved Resource-efficiency",
    year = "2016",
    journal = "Science Direct",
    volume = "40",
    pages = "236 -- 243",
    DOI = "10.1016/j.procir.2016.01.111",
    keywords  = "Online fault detection"
}

@article{regression-splines,
    author = "D. Yao and X. Zhang and K. Wang and T. Zou and D. Wang and X. Qian",
    title = "An Energy Efficiency Evaluation Method Based on Energy Baseline for Chemical Industry",
    year = "2016",
    journal = "Mathematical Problems in Engineering",
    volume = "2016",
    pages = "1 -- 10",
    DOI = "10.1155/2016/7087393"
}

@article{econ-costs,
    author = "K. Efthymiou and N. Papakostas and D. Mourtzis and G. Chryssolouris",
    title = "On a Predictive Maintenance Platform for Production Systems",
    year = "2012",
    journal = "Science Direct",
    volume = "3",
    pages = "221 -- 226",
    DOI = "10.1016/j.procir.2012.07.039",
    keywords  = "economic costs"
}

@article{real-time-energy-control,
    author = "M. Benedetti and F. Bonfà and V. Introna and A. Santolamazza and S. Ubertini",
    title = "Real Time Energy Performance Control for Industrial Compressed Air Systems: Methodology and Applications",
    year = "2019",
    journal = "Energies",
    volume = "12",
    pages = "3935",
    DOI = "10.3390/en12203935",
    keywords  = "real time energy control"
}


@article{HIPE,
    author = "S. Bischof and H. Trittenbach and M. Vollmer and D. Werle and T. Blank and K. Böhm",
    title = "{HIPE: An Energy Status Data Set from Industrial Production}",
    pages = "599 -- 603",
    year = "2018",
    journal = "Proceedings of the Ninth International Conference on Future Energy Systems",
    DOI = "10.1145/3208903.3210278",
    keywords  = "Industrial energy data set"
}

@book{pml1Book,
     author = {Kevin P. Murphy},
     title = {Probabilistic Machine Learning: An Introduction},
     publisher = {MIT Press},
     year = {2022},
     url = {probml.ai}
}

@article{data-driven-MV,
    author = "B. Grillone and G. Mor and S. Danov and J. Cipriano and A. Sumper",
    title = "A data-driven methodology for enhanced measurement and verification of energy efficiency savings in commercial buildings",
    journal = "Applied Energy",
    volume = "301",
    pages = "117502",
    year = "2021",
    DOI = "doi: 10.1016/j.apenergy.2021.117502"
}

@article{GP-baseline,
    author = "F. Lubbe and J. Maritz and T. Harms",
    title = "Evaluating the Potential of Gaussian Process Regression for Solar Radiation Forecasting: A Case Study",
    journal = "Energies",
    volume = "13",
    issue = "20",
    year = "2020",
    DOI = "10.3390/en13205509"
}

@article{ml-mv,
    author = "C. V. Gallagher and K. Leahy and P. O’Donovan and K. Bruton and D. T. J. O’Sullivan",
    title = "Development and application of a machine learning supported methodology for measurement and verification (M&V) 2.0",
    journal = "Energy and Buildings",
    volume = "167",
    pages = "8 -- 22",
    year = "2018",
    DOI = "https://doi.org/10.1016/j.enbuild.2018.02.023"
}

@article{gas-turbine-faults,
    author = "Y. Zhang and C. Bingham and M. Martínez-García and D. Cox",
    title = "Detection of Emerging Faults on Industrial Gas Turbines Using Extended Gaussian Mixture Models",
    journal = "International Journal of Rotating Machinery",
    volume = "2017",
    pages = "e5435794",
    year = "2017",
    DOI = "10.1155/2017/5435794"
}

@article{intelliMAV,
    author = "C. Gallagher and K. Leahy and P. O’Donovan and K. Bruton and D. O’ Sullivan",
    title = "A cloud computing measurement and verification 2.0 application for automated, near real-time energy savings quantification and performance deviation detection",
    journal = "Energy and Buildings",
    volume = "185",
    year = "2019",
    DOI = "10.1016/j.enbuild.2018.12.034",
    keywords = "energy consumption buildings"
}

@article{fault-HVAC,
    author = "Z. Du and B. Fan and X. Jin and J. Chi",
    title = "Fault detection and diagnosis for buildings and HVAC systems using combined neural networks and subtractive clustering analysis",
    journal = "Building and Environment",
    volume = "73",
    pages = "1 -- 11",
    year = "2014",
    DOI = "10.1016/j.buildenv.2013.11.021",
    keywords = "machine level fault detection"
}


